<?xml version="1.0" encoding="UTF-8"?><collection xmlns="http://www.loc.gov/MARC21/slim"><record><leader>00459nam--2200145-i-4500</leader><controlfield tag="001">000016478</controlfield><controlfield tag="002">20161230</controlfield><controlfield tag="005">20161230201031</controlfield><controlfield tag="008">060222s1000------------r-----000-0-eng-d</controlfield><datafield ind1=" " ind2=" " tag="080"><subfield code="a">512.81</subfield></datafield><datafield ind1=" " ind2=" " tag="100"><subfield code="a">Bauerle, G.C.A.And De Kerf, E.A</subfield></datafield><datafield ind1=" " ind2=" " tag="245"><subfield code="a">Lie algebras part.1: finite and infinite dimensional lie algebras and applications in physics</subfield></datafield><datafield ind1=" " ind2=" " tag="260"><subfield code="a">Amsterdam, North-holland, 1990 Xvi + 394 P</subfield></datafield><datafield ind1=" " ind2=" " tag="490"><subfield code="a">Studies In Mathematical Physcis</subfield></datafield><datafield ind1=" " ind2=" " tag="852"><subfield code="a">80327</subfield></datafield></record></collection>